<record><leader>00000cas a2200000 a 4500</leader><controlfield tag="001">23860553</controlfield><controlfield tag="008">910530c197u9999oruwr n       0    0eng c</controlfield><datafield ind1=" " ind2=" " tag="010"><subfield code="a">sn 97701008 </subfield></datafield><datafield ind1=" " ind2=" " tag="040"><subfield code="a">OEL</subfield><subfield code="b">eng</subfield><subfield code="c">OEL</subfield><subfield code="d">OCN</subfield><subfield code="d">OCLCQ</subfield><subfield code="d">OCLCF</subfield><subfield code="d">OCLCO</subfield></datafield><datafield ind1="1" ind2=" " tag="029"><subfield code="a">AU@</subfield><subfield code="b">000025925120</subfield></datafield><datafield ind1=" " ind2=" " tag="032"><subfield code="a">927020</subfield><subfield code="b">USPS</subfield></datafield><datafield ind1=" " ind2=" " tag="037"><subfield code="b">P.O. Box 900, Oakridge OR 97463</subfield></datafield><datafield ind1=" " ind2=" " tag="042"><subfield code="a">pcc</subfield></datafield><datafield ind1=" " ind2=" " tag="043"><subfield code="a">n-us-or</subfield></datafield><datafield ind1="0" ind2="0" tag="245"><subfield code="a">Dead mountain echo.</subfield></datafield><datafield ind1=" " ind2=" " tag="260"><subfield code="a">Oakridge, Or. :</subfield><subfield code="b">Dead Mountain Graphics</subfield></datafield><datafield ind1=" " ind2=" " tag="300"><subfield code="a">v.</subfield></datafield><datafield ind1=" " ind2=" " tag="310"><subfield code="a">Weekly</subfield></datafield><datafield ind1=" " ind2=" " tag="500"><subfield code="a">1974-1976 includes newspaper published during school terms by Oakridge High School students.</subfield></datafield><datafield ind1=" " ind2=" " tag="530"><subfield code="a">Also issued on microfilm from University of Oregon.</subfield></datafield><datafield ind1=" " ind2=" " tag="588"><subfield code="a">Description based on: Vol. 1, no. 20 (Aug. 29-Sept. 4 [1973]).</subfield></datafield><datafield ind1=" " ind2=" " tag="588"><subfield code="a">Latest issue consulted: Vol. 25, no. 29 (Oct. 23, 1997).</subfield></datafield><datafield ind1=" " ind2="0" tag="651"><subfield code="a">Oakridge (Or.)</subfield><subfield code="v">Newspapers.</subfield></datafield><datafield ind1=" " ind2="7" tag="655"><subfield code="a">Newspapers.</subfield><subfield code="2">fast</subfield><subfield code="0">(OCoLC)fst01423814</subfield></datafield><datafield ind1=" " ind2="7" tag="651"><subfield code="a">Oregon</subfield><subfield code="z">Oakridge.</subfield><subfield code="2">fast</subfield><subfield code="0">(OCoLC)fst01231163</subfield></datafield><datafield ind1="0" ind2="2" tag="740"><subfield code="a">Ridge hi-breeze.</subfield></datafield><datafield ind1=" " ind2=" " tag="752"><subfield code="a">United States</subfield><subfield code="b">Oregon</subfield><subfield code="c">Lane</subfield><subfield code="d">Oakridge.</subfield></datafield></record>